<?xml version="1.0" encoding="UTF-8"?><record xmlns="http://www.loc.gov/MARC21/slim" xmlns:cinclude="http://apache.org/cocoon/include/1.0" xmlns:zs="http://www.loc.gov/zing/srw/">
  <leader>01027cz  a2200265n  4500</leader>
  <controlfield tag="001">n  81084041 </controlfield>
  <controlfield tag="003">DLC</controlfield>
  <controlfield tag="005">20121113110642.0</controlfield>
  <controlfield tag="008">811111n| azannaabn          |a aaa      </controlfield>
  <datafield tag="010" ind1=" " ind2=" ">
    <subfield code="a">n  81084041 </subfield>
  </datafield>
  <datafield tag="035" ind1=" " ind2=" ">
    <subfield code="a">(OCoLC)oca00629283</subfield>
  </datafield>
  <datafield tag="040" ind1=" " ind2=" ">
    <subfield code="a">DLC</subfield>
    <subfield code="b">eng</subfield>
    <subfield code="c">DLC</subfield>
    <subfield code="d">InU-Mu</subfield>
    <subfield code="d">PPi-MA</subfield>
    <subfield code="d">DLC</subfield>
    <subfield code="e">rda</subfield>
    <subfield code="d">DLC</subfield>
    <subfield code="d">IEN</subfield>
  </datafield>
  <datafield tag="046" ind1=" " ind2=" ">
    <subfield code="f">18960301</subfield>
    <subfield code="g">19601102</subfield>
  </datafield>
  <datafield tag="053" ind1=" " ind2="0">
    <subfield code="a">ML422.M59</subfield>
    <subfield code="c">Biography</subfield>
  </datafield>
  <datafield tag="100" ind1="1" ind2=" ">
    <subfield code="a">Mitropoulos, Dimitri,</subfield>
    <subfield code="d">1896-1960</subfield>
  </datafield>
  <datafield tag="370" ind1=" " ind2=" ">
    <subfield code="a">Athens, Greece</subfield>
    <subfield code="b">Milan, Italy</subfield>
  </datafield>
  <datafield tag="372" ind1=" " ind2=" ">
    <subfield code="a">Music</subfield>
  </datafield>
  <datafield tag="374" ind1=" " ind2=" ">
    <subfield code="a">Conductors (Music)</subfield>
    <subfield code="a">Composers</subfield>
    <subfield code="2">lcsh</subfield>
  </datafield>
  <datafield tag="375" ind1=" " ind2=" ">
    <subfield code="a">male</subfield>
  </datafield>
  <datafield tag="400" ind1="1" ind2=" ">
    <subfield code="a">Mētropoulos, Dēmētrēs,</subfield>
    <subfield code="d">1896-1960</subfield>
  </datafield>
  <datafield tag="400" ind1="1" ind2=" ">
    <subfield code="a">Mitropoulos, Dmitri,</subfield>
    <subfield code="d">1896-1960</subfield>
  </datafield>
  <datafield tag="400" ind1="1" ind2=" ">
    <subfield code="a">Mitropoulos, D.</subfield>
    <subfield code="q">(Dimitri),</subfield>
    <subfield code="d">1896-1960</subfield>
  </datafield>
  <datafield tag="670" ind1=" " ind2=" ">
    <subfield code="a">Baker, 8th ed.</subfield>
    <subfield code="b">(Mitropoulos, Dimitri; b. 3-1-1896, Athens; d. 11-2-60, Milan; Greek-born American conductor and composer)</subfield>
  </datafield>
  <datafield tag="670" ind1=" " ind2=" ">
    <subfield code="a">Holmes, J. Conductors on record, 1982</subfield>
    <subfield code="b">(Mitropoulos, Dmitri; 1896-1960)</subfield>
  </datafield>
  <datafield tag="670" ind1=" " ind2=" ">
    <subfield code="a">Del Monaco, M. Mario Del Monaco in concert [SR] p1988:</subfield>
    <subfield code="b">container (D. Mitropoulos)</subfield>
  </datafield>
</record>